@article{A1,
title =  "Learning Multiple Layers of Features from Tiny Images",
Year = "2009",
URL = "https://www.cs.toronto.edu/~kriz/learning-features-2009-TR.pdf",
Author = "Alex Krizhevsky"
}


