@article{A1,
title =  "Learning Multiple Layers of Features from Tiny Images",
Year = "2009",
URL = "https://www.cs.toronto.edu/~kriz/learning-features-2009-TR.pdf",
Author = "Alex Krizhevsky"
}

@misc{web1,
title = " CS231n: Convolutional Neural Networks for Visual Recognition",
URL = "https://cs231n.github.io/",
Author = "Stanford - Spring 2021"}

